<record>
  <leader>00634nem a2200193   4500</leader>
  <controlfield tag="001">991000118729702696</controlfield>
  <controlfield tag="005">20161105044040.0</controlfield>
  <controlfield tag="008">160508s        st        a  |r |   eng||</controlfield>
  <datafield tag="035" ind1=" " ind2=" ">
    <subfield code="a">(IL-JeALB)13305-972ai_inst</subfield>
  </datafield>
  <datafield tag="035" ind1=" " ind2=" ">
    <subfield code="a">13305</subfield>
    <subfield code="9">ExL</subfield>
  </datafield>
  <datafield tag="110" ind1="1" ind2=" ">
    <subfield code="a">Edinburgh Geographical Institute</subfield>
  </datafield>
  <datafield tag="245" ind1="1" ind2="0">
    <subfield code="a">Bartholomew's quarter-inch map of Palestine with orocraphical colouring</subfield>
  </datafield>
  <datafield tag="255" ind1=" " ind2=" ">
    <subfield code="a">Scale 1:253,440. [North]</subfield>
  </datafield>
  <datafield tag="260" ind1=" " ind2=" ">
    <subfield code="a">Edinburgh :</subfield>
    <subfield code="b">Geographical Institute</subfield>
  </datafield>
  <datafield tag="300" ind1=" " ind2=" ">
    <subfield code="a">1 map on 1 sheet ;</subfield>
    <subfield code="c">91.5 x 70.5 cm. on sheet 96 x 75 cm.</subfield>
  </datafield>
  <datafield tag="651" ind1=" " ind2="0">
    <subfield code="a">Asia</subfield>
    <subfield code="z">Middle East</subfield>
    <subfield code="z">Palestine</subfield>
    <subfield code="v">Maps.</subfield>
  </datafield>
  <datafield tag="949" ind1=" " ind2=" ">
    <subfield code="a">MAPS 23C-01-2</subfield>
  </datafield>
  <datafield tag="951" ind1=" " ind2=" ">
    <subfield code="a">333</subfield>
  </datafield>
  <datafield tag="999" ind1=" " ind2=" ">
    <subfield code="a">MAP</subfield>
  </datafield>
</record>
